<?xml version="1.0" encoding="UTF-8"?><collection xmlns="http://www.loc.gov/MARC21/slim"><record><leader>00339nam--2200133-i-4500</leader><controlfield tag="001">000023459</controlfield><controlfield tag="002">20161230</controlfield><controlfield tag="005">20161230201035</controlfield><controlfield tag="008">060222s1000------------r-----000-0-eng-d</controlfield><datafield ind1=" " ind2=" " tag="100"><subfield code="a">Hausner, Melvin And Schwartz, Jacob T</subfield></datafield><datafield ind1=" " ind2=" " tag="245"><subfield code="a">Lie groups</subfield></datafield><datafield ind1=" " ind2=" " tag="260"><subfield code="a">Lie Algebras</subfield></datafield><datafield ind1=" " ind2=" " tag="490"><subfield code="a">Notes On Mathematics And Its Applications</subfield></datafield><datafield ind1=" " ind2=" " tag="852"><subfield code="a">512.8</subfield></datafield></record></collection>